<?xml version="1.0" encoding="UTF-8"?><collection xmlns="http://www.loc.gov/MARC21/slim"><record><leader>00482nam--2200169-i-4500</leader><controlfield tag="001">000005859</controlfield><controlfield tag="002">20161230</controlfield><controlfield tag="005">20161230201026</controlfield><controlfield tag="008">060222s1000------------r-----000-0-eng-d</controlfield><datafield ind1=" " ind2=" " tag="040"><subfield code="a">IFIN-HH</subfield></datafield><datafield ind1="1" ind2=" " tag="100"><subfield code="a">Arnold, R.N., Maunder, L</subfield></datafield><datafield ind1="1" ind2="0" tag="245"><subfield code="a">Gyrodynamics and its engineering applications</subfield><subfield code="c">Roland N. Arnold, Leonard Maunder</subfield></datafield><datafield ind1=" " ind2=" " tag="260"><subfield code="a">New York, Academic Press, 1961</subfield></datafield><datafield ind1=" " ind2=" " tag="300"><subfield code="a">X + 484 P</subfield></datafield><datafield ind1="1" ind2=" " tag="700"><subfield code="a">Maunder, Leonard</subfield></datafield><datafield ind1=" " ind2=" " tag="852"><subfield code="a">17316</subfield><subfield code="c">531</subfield></datafield><datafield ind1=" " ind2=" " tag="CAT"><subfield code="a">Sys</subfield><subfield code="c">20100622</subfield><subfield code="h">135503</subfield></datafield></record></collection>